% This file was created with JabRef 2.3.1.
% Encoding: UTF-8

@ARTICLE{soares2007ginga,
  author = {Soares, L.F.G. and Rodrigues, R.F. and Moreno, M.F.},
  title = {{Ginga-NCL: The declarative environment of the Brazilian digital
	TV system}},
  journal = {Journal of the Brazilian Computer Society},
  year = {2007},
  volume = {13},
  pages = {37--46},
  number = {1}
}

@comment{jabref-meta: selector_publisher:}

@comment{jabref-meta: selector_author:}

@comment{jabref-meta: selector_journal:}

@comment{jabref-meta: selector_keywords:}

